<?xml version="1.0" encoding="UTF-8"?><collection><record><leader>08146ntm a2200625 a 4500</leader><controlfield tag="001">006795305</controlfield><controlfield tag="003">MiAaHDL</controlfield><controlfield tag="005">20190719000000.0</controlfield><controlfield tag="006">m        d        </controlfield><controlfield tag="007">cr bn ---auaua</controlfield><controlfield tag="008">090520s1854    iq            00| ||ara d</controlfield><datafield tag="035" ind1=" " ind2=" "><subfield code="a">(MiU)006795305</subfield></datafield><datafield tag="035" ind1=" " ind2=" "><subfield code="a">sdr-miu006795305</subfield></datafield><datafield tag="040" ind1=" " ind2=" "><subfield code="a">MiU</subfield><subfield code="c">MiU</subfield><subfield code="e">amremm</subfield></datafield><datafield tag="043" ind1=" " ind2=" "><subfield code="a">n-us-mi</subfield><subfield code="a">a-iq---</subfield></datafield><datafield tag="100" ind1="1" ind2=" "><subfield code="6">880-01</subfield><subfield code="a">Fārūqī, ʻAbd al-Bāqī ibn Sulaymān,</subfield><subfield code="d">1789 or 1790-1862 or 1863.</subfield></datafield><datafield tag="245" ind1="1" ind2="3"><subfield code="6">880-02</subfield><subfield code="a">al-Bāqiyāt al-ṣāliḥāt,</subfield><subfield code="f">[1270, i.e. 1854].</subfield></datafield><datafield tag="246" ind1="3" ind2=" "><subfield code="6">880-03</subfield><subfield code="i">Title from headpiece on fol.1b (p.2).</subfield><subfield code="a">Tiryāq al-Fārūqī min munshʼāt al-Fārūqī</subfield></datafield><datafield tag="260" ind1=" " ind2=" "><subfield code="a">[Baghdad,</subfield><subfield code="c">1854].</subfield></datafield><datafield tag="300" ind1=" " ind2=" "><subfield code="a">60 leaves :</subfield><subfield code="b">paper ;</subfield><subfield code="c">203 x 125 (129 x 86 ) mm. bound to 204 x 130 mm.</subfield></datafield><datafield tag="500" ind1=" " ind2=" "><subfield code="a">Shelfmark: Ann Arbor, University of Michigan, Special Collections Library, Isl. Ms. 213</subfield></datafield><datafield tag="500" ind1=" " ind2=" "><subfield code="a">Origin: As appears in colophon on fol.60a (p.119), copied by ʻAbd al-Wahhāb al-Ḥusaynī. Transcription of this copy finished "qad najiza taḥrīr nuskhat hādhā al-tiryāq al-Fārūqī..." 1st of Ramaḍān 1270 [ca. 28 May 1854] in Baghdad.</subfield></datafield><datafield tag="500" ind1=" " ind2=" "><subfield code="a">Binding: Pasteboards covered in painted lacquerwork (black, red, and bronze) with spine in red leather ; Type III binding (without flap) ; doublures in red lacquerwork with gold-painted accents ; upper and lower covers carry traditional bookcover motifs of central panel (elongated, lobed), pendants and cartouches serving as corner pieces ; all carry inscriptions of gold / bronze lettering in naskh and nastaʻlīq on luminescent fields of red, mainly verses from the dīwān (e.g. verses in pendants [upper cover] أنا لم لا أعد من زمرة الاب رار في نعت آل بيت النبي [lower cover] ونعوتي تسجلت بكتاب هو في عليين عند علي) ; painted vegetal border in bronze ; doublures bear gold-painted scalloped mandorla with pendants flecked with "bronze," also gold painted border ; sewn in yellow thread, two stations ; worked chevron endbands in yellow and blue (or green? quite soiled) ; in poor condition with the lacquer cracking and crazing or simply lost ; several of the panels beneath the outermost lacquer layer are missing, from the upper cover in particular.</subfield></datafield><datafield tag="500" ind1=" " ind2=" "><subfield code="a">Support: Machine wove paper, quite sturdy.</subfield></datafield><datafield tag="500" ind1=" " ind2=" "><subfield code="a">Decoration: Illuminated titlepiece on fol.1a (p.1) consisting of a single rectangular panel divided to smaller horizontal rectangular panels containing scalloped cartouches (mainly outlined in gold, flanked by floral accents in gold on fields of blue, others filled with gold) bearing title "الترياق الفاروقي من منشآت الفاروقي" and lines of prayer for the Prophet and his family and his companions ; illuminated headpiece on fol.1b (p.2) consists of a rectangular piece with gold-filled cartouche carrying title in white "الباقيات الصالحات" flanked by pieces reminiscent of dome design above ; rectangular piece is surmounted by a well with scalloped domes forming w-shaped piece bearing floral vegetal design in pink, green, white, orange, blue, etc. on fields of gold, blue and red ; text surrounded by simple frame consisting of a wide gold band and black fillets and at some distance a second rule-border consisting of a narrow gold band flanked by black fillets ; a few textual dividers in the form of black and red discs ; almond-shaped designs marking poems which have been commented upon and indicating by whom ; rosettes and floral designs appear on incipit page ; some lining in blue ink ; text rubricated with portions of verses, section headings, keywords, textual dividers, overlining, etc. in red.</subfield></datafield><datafield tag="500" ind1=" " ind2=" "><subfield code="a">Script: Naskh ; elegant Persianate hand ; mainly sans serif apart from left-sloping head serif on alif of lam alif ligature, adhering closely to baseline, pointing in distinct dots, final yāʼ often unpointed ; fully vocalized.</subfield></datafield><datafield tag="500" ind1=" " ind2=" "><subfield code="a">Layout: Written in 25 lines per page ; single column frequently divided to two columns to set-off poetry ; frame-ruled.</subfield></datafield><datafield tag="500" ind1=" " ind2=" "><subfield code="a">Collation: i, 6 V(60) ; entirely quinions ; catchwords present, though usually set far down in the lower margin and occasionally absent ; pagination in pencil, Western numerals, supplied during cataloguing.</subfield></datafield><datafield tag="500" ind1=" " ind2=" "><subfield code="a">Colophon: "Scribal," triangular, reads: "قد نجز تحرير نسخة هذا الترياق الفاروقي لناظم نفايسه في سلك انفاسه وجامع اجزائه في محفظة ولائه حسان زمانه وسحبان اوانه حضرة المولى عبد الباقي افندي الفاروقي بقلم الداعي لذلك الجناب تراب اعتاب باب اهل بيت ابي تراب الراجي عفو ربه التواب السيد عبد الوهاب الحسيني وذلك بمدينة السلام بغداد في غرة رمضان سنة ١٢٧٠"</subfield></datafield><datafield tag="500" ind1=" " ind2=" "><subfield code="a">Explicit: "في كل بيت اجمة بها ثوى معنى اذ الفكر انتحاه همهما وهذه خاتمة بها كتاب الباقيات الصالحات اختتما جعلتها وسيلة رقى بها يوم الحساب من ولائي سلما لذاك قلت رافعا عقيرتي بالشكر املا الملا ترنما على ذو [كذا] الطول العميم ارخوا بالباقيات الصالحات انعما سنة ١٢٧٠ ... وقال تمت فارخ ختامها المسك كانا ١٢٧٠ "</subfield></datafield><datafield tag="500" ind1=" " ind2=" "><subfield code="a">Incipit: "صنو طه المصطفى وابنته مع سبطيه الكنوز المقفله نقط رصعت الباء مع النون والياء التي في البسملة سور القران فيها سورت سيما تسويرها للحمد له وهذه المقدمة المحتوية على النتيجه من المبانى النضرة البهيجه والمعانى العطرة الاريجه جعلها براعة لاستهلال كتابه الموسوم بالباقيات الصالحات في نعت اهل بيت سيد السادات عليه وعليهم اسنى الصلوات وازكى التسليمات ..."</subfield></datafield><datafield tag="500" ind1=" " ind2=" "><subfield code="a">Title from titlepiece on fol.1a (p.1).</subfield></datafield><datafield tag="500" ind1=" " ind2=" "><subfield code="a">Ms. codex.</subfield></datafield><datafield tag="505" ind1="0" ind2=" "><subfield code="a">3. fol.60b : [colophon].</subfield></datafield><datafield tag="505" ind1="0" ind2=" "><subfield code="a">2. fol.51b-fol.60a : [eleven taqārīẓ in praise of the work].</subfield></datafield><datafield tag="505" ind1="0" ind2=" "><subfield code="a">1. fol.1a-fol.51a : al-Bāqiyāt al-ṣāliḥāt / ʻAbd al-Bāqī al-Fārūqī.</subfield></datafield><datafield tag="510" ind1="4" ind2=" "><subfield code="a">Afshar, Iraj. "Inscriptions on the Covers of Islamic Manuscripts: An Introductory Study." Manuscripta Orientalia vol.10, no.1 (March 2004): 42-51.</subfield></datafield><datafield tag="510" ind1="4" ind2=" "><subfield code="a">Brockelmann, C. GAL,</subfield><subfield code="c">SII 782</subfield></datafield><datafield tag="520" ind1="8" ind2=" "><subfield code="a">Early copy of the author's short dīwān, mainly religious poems for the family of the Prophet, etc., followed by eleven favorable blurbs (taqrīẓ / taqārīẓ) for the work.</subfield></datafield><datafield tag="538" ind1=" " ind2=" "><subfield code="a">Mode of access: Internet.</subfield></datafield><datafield tag="541" ind1=" " ind2=" "><subfield code="c">Purchase ;</subfield><subfield code="a">Acquired by purchase (funds donated by Horace Rackham).</subfield><subfield code="d">1924.</subfield></datafield><datafield tag="546" ind1=" " ind2=" "><subfield code="a">Arabic.</subfield></datafield><datafield tag="561" ind1=" " ind2=" "><subfield code="a">Relatively clean copy ; on front flyleaf recto an inscription in black in that may begin "لسيد شهاب الموصلى ..." [perhaps referring to the poet Shihāb al-Dīn al-Mawṣalī, known as al-Sayyid Shihāb al-Mawṣalī] ; a few inventory marks on front flyleaf "445 T. De M [i.e. Tammaro De Marinis]" and on fol.1a (p.1) "15".</subfield></datafield><datafield tag="600" ind1="0" ind2="0"><subfield code="a">Muḥammad,</subfield><subfield code="c">Prophet,</subfield><subfield code="d">-632</subfield><subfield code="x">Family</subfield><subfield code="x">Poetry.</subfield></datafield><datafield tag="650" ind1=" " ind2="0"><subfield code="a">Manuscripts, Arabic</subfield><subfield code="z">Michigan</subfield><subfield code="z">Ann Arbor.</subfield></datafield><datafield tag="650" ind1=" " ind2="0"><subfield code="a">Arabic poetry.</subfield></datafield><datafield tag="655" ind1=" " ind2="7"><subfield code="a">Headpieces (layout features)</subfield><subfield code="y">19th century.</subfield><subfield code="2">aat.</subfield></datafield><datafield tag="700" ind1="0" ind2=" "><subfield code="a">Abdülhamid</subfield><subfield code="b">II,</subfield><subfield code="c">Sultan of the Turks,</subfield><subfield code="d">1842-1918,</subfield><subfield code="e">former owner.</subfield></datafield><datafield tag="700" ind1="0" ind2=" "><subfield code="6">880-04</subfield><subfield code="a">ʻAbd al-Wahhāb al-Ḥusaynī,</subfield><subfield code="d">fl. 1854,</subfield><subfield code="e">scribe.</subfield></datafield><datafield tag="752" ind1=" " ind2=" "><subfield code="a">Iraq</subfield><subfield code="d">Baghdad.</subfield></datafield><datafield tag="773" ind1="0" ind2=" "><subfield code="a">Abdul Hamid Collection.</subfield></datafield><datafield tag="880" ind1="0" ind2=" "><subfield code="6">700-04/</subfield><subfield code="a">عبد الوهاب الحسيني،</subfield><subfield code="t">ناسخ.</subfield></datafield><datafield tag="880" ind1="3" ind2=" "><subfield code="6">246-03/</subfield><subfield code="a">ترياق الفاروقي من منشآت الفاروقي</subfield></datafield><datafield tag="880" ind1="1" ind2="2"><subfield code="6">245-02/</subfield><subfield code="a">الباقيات الصالحات,</subfield><subfield code="f">[1270ه, 1854م].</subfield></datafield><datafield tag="880" ind1="1" ind2=" "><subfield code="6">100-01/</subfield><subfield code="a">فاروقي، عبد الباقي بن سليمان.</subfield></datafield><datafield tag="CID" ind1=" " ind2=" "><subfield code="a">006795305</subfield></datafield><datafield tag="DAT" ind1="0" ind2=" "><subfield code="a">20190719102636.0</subfield><subfield code="b">20190719000000.0</subfield></datafield><datafield tag="DAT" ind1="1" ind2=" "><subfield code="a">20190719090653.0</subfield><subfield code="b">2019-07-19T16:11:08Z</subfield></datafield><datafield tag="DAT" ind1="2" ind2=" "><subfield code="a">2015-10-10T18:00:06Z</subfield></datafield><datafield tag="CAT" ind1=" " ind2=" "><subfield code="a">SDR-MIU</subfield><subfield code="d">EX LIBRIS - ALEPH</subfield><subfield code="l">prepare.pl-004-008</subfield></datafield><datafield tag="FMT" ind1=" " ind2=" "><subfield code="a">BK</subfield></datafield><datafield tag="HOL" ind1=" " ind2=" "><subfield code="0">sdr-miu006795305</subfield><subfield code="a">MiU</subfield><subfield code="b">SDR</subfield><subfield code="c">MIU</subfield><subfield code="p">mdp.39015079126275</subfield><subfield code="s">MIU</subfield><subfield code="1">006795305</subfield></datafield><datafield tag="974" ind1=" " ind2=" "><subfield code="b">MIU</subfield><subfield code="c">MIU</subfield><subfield code="d">20190719</subfield><subfield code="s">lit-dlps-dc</subfield><subfield code="u">mdp.39015079126275</subfield><subfield code="y">1854</subfield><subfield code="r">pd</subfield><subfield code="q">bib</subfield><subfield code="t">non-US bib date1 &lt; 1896</subfield></datafield></record></collection>